
@Book{jackson,
  author =       "J. D. Jackson",
  title =        "Classical Electrodynamics",
  volume =       "",
  note =         "3rd edn.",
  publisher =    "Wiley",
  year =         "1999",
  address =      "New York"
}



@Article{szabo:jcp:1982,
author = "A. Szabo and D. Shoup and S. H. Northrup and J. A. McCammon",
journal = "J. Chem. Phys.",
volume = "77",
pages = "4484",
year = "1982"}.


