Automatically generated by Mendeley Desktop 1.10.3
Any changes to this file will be lost if it is regenerated by Mendeley.

BibTeX export options can be customized via Options -> BibTeX in Mendeley Desktop

@book{Oppenheim1977,
author = {Oppenheim, Irwin and Shuler, Kurt E. and Weis, Heorge H.},
edition = {1st Editio},
pages = {67----85},
publisher = {The MIT Press},
title = {{Stochastic Processes in Chemical Physics: The Master Equation}},
year = {1977}
}
@article{Smoluchowski1917a,
author = {von Smoluchowski, M.},
journal = {Z. phys. Chem},
pages = {129--168},
title = {{Versuch einer mathematischen Theorie der Koagulationskinetik kolloider L\"{o}sungen}},
volume = {92},
year = {1917}
}
@article{Wu2012a,
author = {Wu, Shuang and Dzubiella, Joachim and Kaiser, Julian and Drechsler, Markus and Guo, Xuhong and Ballauff, Matthias and Lu, Yan},
journal = {Angew. Chem. Int. Ed. Engl.},
month = feb,
number = {9},
pages = {2229--33},
title = {{Thermosensitive Au-PNIPA yolk-shell nanoparticles with tunable selectivity for catalysis.}},
volume = {51},
year = {2012}
}
@article{Schulten1981,
author = {Schulten, Klaus},
journal = {J. Chem. Phys.},
number = {8},
pages = {4426},
title = {{Dynamics of reactions involving diffusive barrier crossing}},
volume = {74},
year = {1981}
}
@article{Debye1942,
author = {Debye, P.},
journal = {Trans. Electrochem. Soc.},
number = {1922},
pages = {2--9},
title = {{Reaction rates in ionic solutions}},
volume = {109},
year = {1942}
}
@article{Hanggi1990,
author = {H\"{a}nggi, P and Talkner, Peter and Borkovec, Michal},
journal = {Rev. Mod. Phys.},
number = {2},
title = {{Reaction-rate theory: fifty years after Kramers}},
volume = {62},
year = {1990}
}
@book{VanKampen1992,
author = {{Van Kampen}, N.G.},
edition = {2nd Editio},
pages = {104----108},
publisher = {North-Holland Personal Library},
title = {{Stochastic Processes in Physics and Chemistry}},
year = {1992}
}
@article{Szabo1982,
author = {Szabo, Attila and {Shoup David} and Northrup, Scott H. and {McCammon J. Andew}},
journal = {J. Chem. Phys.},
number = {9},
pages = {4484},
title = {{Stochastically gated diffusion-influenced reactions}},
volume = {77},
year = {1982}
}
@article{Collins1949,
author = {Collins, F C and Kimball, G E},
journal = {J. Colloid Sci.},
number = {4},
pages = {425--437},
title = {{Diffusion-controlled reaction rates}},
volume = {4},
year = {1949}
}
@article{Doering1992,
author = {Doering, CR and Gadoua, JC},
journal = {Phys. Rev. Lett.},
number = {16},
pages = {2318--2321},
title = {{Resonant activation over a fluctuating barrier}},
volume = {69},
year = {1992}
}
@article{Hanggi1994,
author = {H\"{a}nggi, Peter},
journal = {Chem. Phys.},
number = {189},
pages = {157--166},
title = {{Escape over fluctuating barriers driven by colored noise}},
year = {1994}
}
@article{Talkner1995,
author = {Talkner, P and H\"{a}nggi, P},
journal = {Nature},
title = {{New Trends in Kramers' Reaction Rate Theory}},
year = {1995}
}
